@inproceedings{Hoefler2015,
 author = {Hoefler, Torsten and Belli, Roberto},
 title = {Scientific Benchmarking of Parallel Computing Systems: Twelve Ways to Tell the Masses when Reporting Performance Results},
 booktitle = {Proceedings of the International Conference for High Performance Computing, Networking, Storage and Analysis},
 series = {SC '15},
 year = {2015},
 isbn = {978-1-4503-3723-6},
 location = {Austin, Texas},
 pages = {73:1--73:12},
 articleno = {73},
 numpages = {12},
 url = {http://doi.acm.org/10.1145/2807591.2807644},
 doi = {10.1145/2807591.2807644},
 acmid = {2807644},
 publisher = {ACM},
 address = {New York, NY, USA},
 keywords = {benchmarking, data analysis, parallel computing, statistics}
} 


@book{Gray1992,
 author = {Gray, Jim},
 title = {Benchmark Handbook: For Database and Transaction Processing Systems},
 year = {1992},
 isbn = {1558601597},
 publisher = {Morgan Kaufmann Publishers Inc.},
 address = {San Francisco, CA, USA}
} 


@article{Mytkowicz2009,
 author = {Mytkowicz, Todd and Diwan, Amer and Hauswirth, Matthias and Sweeney, Peter F.},
 title = {Producing Wrong Data Without Doing Anything Obviously Wrong!},
 journal = {SIGPLAN Not.},
 issue_date = {March 2009},
 volume = {44},
 number = {3},
 month = mar,
 year = {2009},
 issn = {0362-1340},
 pages = {265--276},
 numpages = {12},
 url = {http://doi.acm.org/10.1145/1508284.1508275},
 doi = {10.1145/1508284.1508275},
 acmid = {1508275},
 publisher = {ACM},
 address = {New York, NY, USA},
 keywords = {bias, measurement, performance},
} 


@Article{Jain1991,
  title =	"The Art of Computer Systems Performance Analysis:
		 Techniques for Experimental Design, Measurement,
		 Simulation and Modeling (Book Review)",
  author =	"Raj Jain",
  journal =	"SIGMETRICS Performance Evaluation Review",
  year = 	"1991",
  number =	"2",
  volume =	"19",
  bibdate =	"2011-12-06",
  bibsource =	"DBLP,
		 http://dblp.uni-trier.de/db/journals/sigmetrics/sigmetrics19.html#Jain91",
  pages =	"5--11",
  URL =  	"http://doi.acm.org/10.1145/122564.1045495",
}