%%%%%%%%%%%%%%%%%%%%%
% String Definitions %
%%%%%%%%%%%%%%%%%%%%%%

String(PROC = "Proceedings of the")
@String(PROC = "Proc. of the")

String(VLDB = "International Conference on Very Large Data Bases")
@String(VLDB = "VLDB")

String(SIGMOD = "ACM SIGMOD International Conference on Management of Data")
@String(SIGMOD = "ACM SIGMOD")

String(EDS = "International Conference on Expert Data Base Systems")
@String(EDS = "EDS")

String(ISWC = "International Semantic Web Conference")
@String(ISWC = "ISWC")

String(CIDR = "Conference on Innovative Data Systems Research")
@String(CIDR = "CIDR")

@String(CIKM = "CIKM")

@String(ACMSSS = "ACM SIGACT-SIGMOD-SIGART Symposium on Principles of Database Systems")

@String(ACMSS = "ACM SIGACT-SIGPLAN Symposium on Principles of Programming Languages")

@String(IWGTC = "International Workshop on Graph-Theoretic Concepts in Computer Science")

@String(SSWS = "International Workshop on Scalable Semantic Web Knowledge Base Systems")

String(SODA = "ACM-SIAM Symposium on Discrete Algorithms")
@String(SODA = "SODA")

@String(CSSC = "Communications in statistics, Simulation and Computation")

String(TODS = "ACM Transactions on Database Systems")
@String(TODS = "ACM-TODS")

String(ICDE = "International Conference on Data Engineering")
@String(ICDE = "ICDE")

String(OSDI = "Symposium on Operating System Design and Implementation")
@String(OSDI = "OSDI")

String(SSDBM = "International Conference on Scientific and Statistical Database Management")
@String(SSDBM = "SSDBM")

String (HPTS = "International Workshop on High Performance Transaction Systems")
@String (HPTS = "HPTS")

String (DAMON = "International Workshop on Data Management on New Hardware")
@String (DAMON = "DaMoN")


%%%%%%%%%%%%%%%%
% bib entries %%
%%%%%%%%%%%%%%%%

@INPROCEEDINGS{SGK+08,
	AUTHOR = "Lefteris Sidirourgos and Romulo Goncalves and Martin Kersten and Niels Nes and Stefan Manegold",
	TITLE = {{Column-Store Support for RDF Data Management: not all swans are white}},
	BOOKTITLE = Proc#" 34th "#VLDB,
	YEAR = 2008
}

@INPROCEEDINGS{AMM+07,
	AUTHOR = "Daniel J. Abadi and Adam Marcus and Samuel R. Madden and Kate Hollenbach",
	TITLE = {{Scalable Semantic Web Data Management Using Vertical Partitioning}},
	BOOKTITLE = Proc#" 33rd "#VLDB,
	YEAR = 2007
}

@INPROCEEDINGS{WKB08,
	AUTHOR = "Cathrin Weiss and Panagiotis Karras and Abraham Bernstein",
	TITLE = {{Hexastore: Sextuple Indexing for Semantic Web Data Management}},
	BOOKTITLE = Proc#" 34th "#VLDB,
	YEAR = 2008
}

@INPROCEEDINGS{NW08,
	AUTHOR = "Thomas Neumann and Gerhard Weikum",
	TITLE = {{RDF-3X: a RISC-style Engine for RDF}},
	BOOKTITLE = Proc#" 34th "#VLDB,
	YEAR = 2008
}

@INPROCEEDINGS{BKH02,
	AUTHOR = "Jeen Broekstra and Arjohn Kampman and Frank van Harmelen",
	TITLE = {{Sesame: A Generic Architecture for Storing and Querying RDF and RDF Schema}},
	BOOKTITLE = Proc#" 1st "#ISWC,
	YEAR = 2002
}

@INPROCEEDINGS{CDE+05,
	AUTHOR = "Eugene Inseok Chong and Souripriya Das and George Eadon and Jagannathan Srinivasan",
	TITLE = {{An Efficient SQL-based RDF Querying Scheme}},
	BOOKTITLE = Proc#" 31st "#VLDB,
	YEAR = 2005
}

@INPROCEEDINGS{Wil06,
	AUTHOR = "Kevin Wilkinson",
	TITLE = {{Jena Property Table Implementation}},
	BOOKTITLE = Proc#" 2nd "#SSWS,
	YEAR = 2006
}

@INPROCEEDINGS{WSK+03,
	AUTHOR = "Kevin Wilkinson and Craig Sayers and Harumi Kuno and Dave Reynolds",
	TITLE = {{Efficient RDF Storage and Retrieval in Jena2}},
	BOOKTITLE = Proc#" 1st International Workshop on Semantic Web and Databases",
	YEAR = 2003
}

@INPROCEEDINGS{HG03,
	AUTHOR = "Stephen Harris and Nicholas Gibbins",
	TITLE = {{3store: Efficient Bulk RDF Storage}},
	BOOKTITLE = Proc#" 1st International Workshop on Practical and Scalable Semantic Systems",
	YEAR = 2003
}

@INPROCEEDINGS{SAB+05,
	AUTHOR = "Mike Stonebraker and Daniel Abadi and Adam Batkin and Xuedong Chen and Mitch Cherniack and Miguel Ferreira and Edmond Lau and Amerson Lin and Sam Madden and Elizabeth O'Neil and Pat O'Neil and Alex Rasin and Nga Tran and Stan Zdonik",
	TITLE = {{C-Store: A Column Oriented DBMS}},
	BOOKTITLE = Proc#" 31st "#VLDB,
	YEAR = 2005
}
%AUTHOR = {{M. Stonebraker et. al}},

@MISC{Barton,
	KEY = "Barton",
	TITLE = {{Barton Library Catalog Data}},
	HOWPUBLISHED = "http://simile.mit.edu/rdf-test-data/barton/"
}

@MISC{SPARQL,
	KEY = "SPARQL",
	TITLE = {{SPARQL Query Language for RDF}},
	HOWPUBLISHED = "http://www.w3.org/TR/rdf-sparql-query/"
}

@MISC{RDFpr,
	KEY = "RDFpr",
	TITLE = {{RDF Primer}},
	AUTHOR = "Frank Manola and Eric Miller",
	HOWPUBLISHED = "http://www.w3.org/TR/rdf-primer/"
}


@MISC{XSP2,
	KEY = "XSP2",
	TITLE = {{XML Schema Part 2: Datatypes Second Edition}},
	HOWPUBLISHED = "http://www.w3.org/TR/xmlschema-2/"
}

@MISC{XDM,
	KEY = "XDM",
	TITLE = {{XQuery 1.0 and XPath 2.0 Data Model (XDM)}},
	HOWPUBLISHED = "http://www.w3.org/TR/xpath-datamodel/"
}

@MISC{MonetDB,
	KEY = "MonetDB",
	TITLE = {{MonetDB}},
	HOWPUBLISHED = "http://www.monetdb.org"
}

@MISC{SciLENS,
	KEY = "SciLENS",
	TITLE = {{Scilens}},
	HOWPUBLISHED = "http://www.scilens.org/"
}

@MISC{SciDB,
	KEY = "SciDB",
	TITLE = {{SciDB}},
	HOWPUBLISHED = "http://www.scidb.org/"
}

@INPROCEEDINGS{NL05,
	AUTHOR = "Matthias Nicola and Bert van der Linden",
	TITLE = {{Native XML support in DB2 universal database}},
	BOOKTITLE = Proc#" 31st "#VLDB,
	YEAR = 2005
}

@INPROCEEDINGS{B+05,
	AUTHOR = "{K. Beyer et al.}",
	TITLE = {{System RX: One Part Relational, One Part XML}},
	BOOKTITLE = Proc#" 24th "#SIGMOD,
	YEAR = 2005
}
%AUTHOR = {Kevin Beyer and Roberta J. Cochrane and Vanja Josifovski and Jim Kleewein and George Lapis and Guy Lohman and Bob Lyle and Fatma \"{O}zcan and Hamid Pirahesh and Normen Seemann and Tuong Truong and Bert Van der Linden and Brian Vickery and Chun Zhang},

@BOOK{Knu2,
	AUTHOR = "Donald E. Knuth",
	TITLE = {{Art of Computer Programming, Volume 2: Seminumerical Algorithms (3rd Edition)}},
	PUBLISHER = "Addison-Wesley Publishing Company",
	YEAR = 1997
}

@INPROCEEDINGS{BGK+06,
	AUTHOR = "Peter Boncz and Torsten Grust and Maurice van Keulen and Stefan Manegold and Jan Rittinger and Jens Teubner",
	TITLE = {{MonetDB/XQuery: A Fast XQuery Processor Powered by a Relational Engine}},
	BOOKTITLE = Proc#" 25th "#SIGMOD,
	YEAR = 2006
}

@CONFERENCE{Wol06,
	AUTHOR = "Wolfgang Meier",
	TITLE = {{Index-driven XQuery processing in the eXist XML database}},
	BOOKTITLE = "XML Prague",
	YEAR = 2006
}

@INPROCEEDINGS{VFS04,
	AUTHOR = "Avinash Vyas and Mary F. Fernandez and Jerome Simeon",
	TITLE = {{The Simplest XML Storage Manager Ever}},
	BOOKTITLE = "Proceedings of the First International Workshop XIME-P, in cooperation with ACM SIGMOD",
	YEAR = 2004
}

@INPROCEEDINGS{PCS+04,
	AUTHOR = "Shankar Pal and Istvan Cseri and Oliver Seeliger and Gideon Schaller and Leo Giakoumakis and Vasili Zolotov",
	TITLE = {{Indexing XML data stored in a relational database}},
	BOOKTITLE = Proc#" 30th "#VLDB,
	YEAR = 2004
}

@INPROCEEDINGS{HHL06,
	AUTHOR = "Michael Peter Haustein and Theo Harder and Konstantin Luttenberger",
	TITLE = {{Contest of XML Lock Protocols}},
	BOOKTITLE = Proc#" 32nd "#VLDB,
	YEAR = 2006
}

@INPROCEEDINGS{BMR05,
	AUTHOR = "Peter A. Boncz and Stefan Manegold and Jan Rittinger",
	TITLE = {{Updating the Pre/Post Plane in MonetDB/XQuery}},
	BOOKTITLE = "Proceedings of the International Workshop on XQuery Implementation, Experience and Perspectives (XIME-P)",
	YEAR = 2005
}

@INPROCEEDINGS{Ion86,
	AUTHOR = "Yannis Ioannidis",
	TITLE = {{On the Computation of the Transitive Closure of Relational Operators}},
	BOOKTITLE = Proc#" 12th "#VLDB,
	YEAR = 1986
}

@INPROCEEDINGS{BS88,
	AUTHOR = "Joachim Biskup and Holger Stiefeling",
	TITLE = {{Transitive Closure Algorithms for Very Large Databases}},
	BOOKTITLE = Proc#" 14th "#IWGTC,
	YEAR = 1988
}

@INPROCEEDINGS{BR86,
	AUTHOR = "Francois Bancilhon and Raghu Ramakrishnan",
	TITLE = {{An Amateur's Introduction to Recursive Query Processing Strategies}},
	BOOKTITLE = Proc#" "#SIGMOD,
	YEAR = 1986
}

@INPROCEEDINGS{VB86,
	AUTHOR = "Patrick Valduriez and Haran Boral",
	TITLE = {{Evaluation of Recursive Queries Using Join Indices}},
	BOOKTITLE = Proc#" 1st "#EDS,
	YEAR = 1986
}

@INPROCEEDINGS{SS88,
	AUTHOR = "Seppo Sippu and Eljas Soisalon-Soininen",
	TITLE = {{A Generalized Transitive Closure for Relational Queries}},
	BOOKTITLE = Proc#" 7th "#ACMSSS,
	YEAR = 1988
}

@INPROCEEDINGS{AJ87,
	AUTHOR = "Rakesh Agrawal and H.V. Jagadish",
	TITLE = {{Direct Algorithms for Computing the Transitive Closure of Database Relations}},
	BOOKTITLE = Proc#" 13th "#VLDB,
	YEAR = 1987
}

@INPROCEEDINGS{ALC09,
	AUTHOR = "Sihem Amer-Yahia and Laks Lakshmanan and Cong Yu",
	TITLE = {{SocialScope: Enabling Information Discovery on Social Content Sites}},
	BOOKTITLE = Proc#" 4th "#CIDR,
	YEAR = 2009
}

@INPROCEEDINGS{IKM07,
	AUTHOR = "Stratos Idreos and Martin Kersten and Stefan Manegold",
	TITLE = {{Database Cracking}},
	BOOKTITLE = Proc#" 3rd "#CIDR,
	YEAR = 2007
}

@INPROCEEDINGS{K15,
	AUTHOR = "Martin Kersten",
	TITLE = {{Big Data Space Fungus}},
	BOOKTITLE = Proc#" 7th "#CIDR,
	YEAR = 2015
}

@conference{K16,
	AUTHOR = "Martin Kersten",
	TITLE = {{Keynote: DataFungi, from Rotting Data to Purified Information}},
	BOOKTITLE = Proc#" 32nd "#ICDE,
	YEAR = 2016
}

@ARTICLE{War62,
	AUTHOR = "Stephen Warshall",
	TITLE = {{A Theorem on Boolean Matrices}},
	JOURNAL = "Journal of the ACM (JACM)",
	VOLUME = {9},
	NUMBER = {2},
	PAGES = {11-12},
	MONTH = "January",
	YEAR = 1962
}

@ARTICLE{Warr75,
	AUTHOR = "Henry S. Warren",
	TITLE = {{A Modification of Warshall's Algorithm for the Transitive Closure of Binary Relations}},
	JOURNAL = "Communications of the ACM",
	VOLUME = {18},
	NUMBER = {4},
	PAGES = {218-220},
	MONTH = "April",
	YEAR = 1975
}

@ARTICLE{Val87,
	AUTHOR = "Patrick Valduriez",
	TITLE = {{Join indices}},
	JOURNAL = TODS,
	VOLUME = {12},
	NUMBER = {2},
	MONTH = "June",
	YEAR = 1987
}

@ARTICLE{St89,
	AUTHOR = "Michael Stonebraker",
	TITLE = {{The case for partial indexes}},
	JOURNAL = "ACM SIGMOD Record",
	VOLUME = {18},
	NUMBER = {4},
	YEAR = 1989
}


@ARTICLE{Pet03,
	AUTHOR = "Jordi Petit",
	TITLE = {{Experiments on the minimum linear arrangement problem}},
	JOURNAL = "ACM Journal of Experimental Algorithmics (JEA)",
	VOLUME = {8},
	YEAR = 2003
}

@INPROCEEDINGS{AU79,
	AUTHOR = "Alfred V. Aho and Jeffrey D. Ullman",
	TITLE = {{Universality of data retrieval languages}},
	BOOKTITLE = Proc#" 6th "#ACMSS,
	YEAR = 1979
}

@INPROCEEDINGS{CHK+02,
	AUTHOR = "Edith Cohen and Eran Halperin and Haim Kaplan and Uri Zwick",
	TITLE = {{Reachability and distance queries via 2-hop labels}},
	BOOKTITLE = Proc#" 13th "#SODA,
	YEAR = 2002
}

@BOOK{4thpar,
	AUTHOR = "Tony Hey and Stewart Tansley and Kristin Tolle",
	TITLE = {{The Fourth Paradigm: Data-Intensive Scientific Discovery}},
	PUBLISHER = {{Microsoft Research}},
	YEAR = "2009"
}

@INPROCEEDINGS{MKB09,
	AUTHOR = "Stefan Manegold and Martin Kersten and Peter Boncz",
	TITLE = {{Database Architecture Evolution: Mammals Flourished long before Dinosaurs became Extinct}},
	BOOKTITLE = Proc#" 35th  "#VLDB,
	YEAR = 2009
}

@INPROCEEDINGS{IKN+09,
	AUTHOR = "Milena Ivanova and Martin Kersten and Niels Nes and Romulo Goncalves",
	TITLE = {{An Architecture for Recycling Intermediates in a Column-store}},
	BOOKTITLE = Proc#" "#SIGMOD,
	YEAR = 2009
}

@INPROCEEDINGS{AGP+99,
	AUTHOR = "Swarup Acharya and Phillip B. Gibbons and Viswanath Poosala and Sridhar Ramaswamy",
	TITLE = {{Join Synopses for Approximate Query Answering}},
	BOOKTITLE = Proc#" "#SIGMOD,
	YEAR = 1999
}

@ARTICLE{CMN99,
	AUTHOR = "Surajit Chaudhuri and Rajeev Motwani and Vivek Narasayya",
	TITLE = {{On Random Sampling over Joins}},
	JOURNAL = "ACM SIGMOD Record",
	VOLUME = {28},
	NUMBER = {2},
	YEAR = 1999
}

@INPROCEEDINGS{PI97,
	AUTHOR = "Viswanath Poosala and Yannis Ioannidis",
	TITLE = {{Selectivity Estimation Without the Attribute Value Independence Assumption}},
	BOOKTITLE = Proc#" 23rd "#VLDB,
	YEAR = 1997
}

@ARTICLE{Vit85,
	AUTHOR = "Jeffrey S. Vitter",
	TITLE = {{Random Sampling with a Reservoir}},
	JOURNAL = "ACM Transactions on Mathematical Software",
	VOLUME = {11},
	NUMBER = {1},
	YEAR = 1985
}

@INPROCEEDINGS{MD88,
	AUTHOR = "M. Muralikrishna and David J. DeWitt",
	TITLE = {{Equi-Depth Histograms for Estimating Selectivity Factors for Multi-Dimensional Queries}},
	BOOKTITLE = Proc#" "#SIGMOD,
	YEAR = 1988
}

@INPROCEEDINGS{KBM+09,
	AUTHOR = "Riham Abdel Kader and Peter Boncz and Stefan Manegold and Maurice van Keulen",
	TITLE = {{ROX: run-time optimization of XQueries}},
	BOOKTITLE = Proc#" "#SIGMOD,
	YEAR = 2009
}

@ARTICLE{Par62,
	AUTHOR = "Emanuel Parzen",
	TITLE = {{On Estimation of a Probability Density Function and Mode}},
	JOURNAL = "Annals of Mathematical Statistics",
	VOLUME = {33},
	NUMBER = {3},
	YEAR = 1962
}

@ARTICLE{JMS96,
	AUTHOR = "M. C. Jones and J. S. Marron and S. J. Sheather",
	TITLE = {{A Brief Survey of Bandwidth Selection for Density Estimation}},
	JOURNAL = "Journal of the American Statistical Association",
	VOLUME = {91},
	NUMBER = {433},
	YEAR = 1996
}

@ARTICLE{Fog08,
	AUTHOR = "Agner Fog",
	TITLE = {{Sampling Methods for Wallenius' and Fisher's Noncentral Hypergeometric Distributions}},
	JOURNAL = CSSC,
	VOLUME = {37},
	NUMBER = {2},
	YEAR = 2008
}

@ARTICLE{GG04,
	AUTHOR = "Minos Garofalakis and Phillip B. Gibbons",
	TITLE = {{Probabilistic wavelet synopses}},
	JOURNAL = TODS,
	VOLUME = {29},
	NUMBER = {1},
	YEAR = 2004
}


%AUTHOR =  Daniel Barbara, William Dumouchel, Christos Faloutsos, Peter J. Haas, Joseph M. Hellerstein, Yannis Ioannidis, H. V. Jagadish, Theodore Johnson, Raymond Ng, Viswanath Poosala, Kenneth A. Ross, Kenneth C. Sevcik.
@ARTICLE{BDF+97,
	AUTHOR = {{Daniel Barbara et al.}},
	TITLE = {{The New Jersey Data Reduction Report}},
	JOURNAL =  "IEEE Data Eng. Bull",
	VOLUME = {20},
	NUMBER = {4},
	YEAR = 1997
}


@INPROCEEDINGS{OR86,
	AUTHOR = "Frank Olken and Doron Rotem",
	TITLE = {{Simple Random Sampling from Relational Databases}},
	BOOKTITLE = Proc#" 12th "#VLDB,
	YEAR = 1986
}

@ARTICLE{GMP02,
	AUTHOR = "Phillip B. Gibbons and Yossi Matias and Viswanath Poosala",
	TITLE = {{Fast incremental maintenance of approximate histograms}},
	JOURNAL = TODS,
	VOLUME = {27},
	NUMBER = {3},
	YEAR = 2002
}

@ARTICLE{PGI99,
	AUTHOR = {{Viswanath Poosala and Venkatesh Ganti and Yannis E. Ioannidis}},
	TITLE = {{Approximate Query Answering using Histograms}},
	JOURNAL = "IEEE Data Eng. Bull",
	VOLUME = {22},
	NUMBER = {4},
	YEAR = 1999
}

@INPROCEEDINGS{AC99,
	AUTHOR = "Ashraf Aboulnaga and Surajit Chaudhuri",
	TITLE = {{Self-tuning histograms: building histograms without looking at data}},
	BOOKTITLE = Proc#" "#SIGMOD,
	YEAR = 1999
}

@INPROCEEDINGS{CMN98,
	AUTHOR = "Surajit Chaudhuri and Rajeev Motwani and Vivek Narasayya",
	TITLE = {{Random Sampling for Histogram Construction: How much is enough?}},
	BOOKTITLE = Proc#" "#SIGMOD,
	YEAR = 1998
}

@INPROCEEDINGS{GLR00,
	AUTHOR = "Venkatesh Ganti and Mong Li Lee and Raghu Ramakrishnan",
	TITLE = {{ICICLES: Self-Tuning Samples for Approximate Query Answering}},
	BOOKTITLE = Proc#" 26th "#VLDB,
	YEAR = 2000
}

@INPROCEEDINGS{GM98,
	AUTHOR = "Phillip B. Gibbons and Yossi Matias.",
	TITLE = {{New sampling-based summary statistics for improving approximate query answers}},
	BOOKTITLE = Proc#" "#SIGMOD,
	YEAR = 1998
}

@INPROCEEDINGS{AGP99,
	AUTHOR = "Swarup Acharya and Phillip Gibbons and Viswanath Poosala",
	TITLE = {{Aqua: A Fast Decision Support System Using Approximate Query Answers}},
	BOOKTITLE = Proc#" 25th "#VLDB,
	YEAR = 1999
}

@MISC{SB96,
	AUTHOR = "A.S Szalay and R.J Brunner",
	TITLE = {{Exploring Terabyte Archives in Astronomy}},
	HOWPUBLISHED = "Invited talk at the IAU Symposium in Baltimore",
	YEAR = 1996
}

@INPROCEEDINGS{JPA04,
	AUTHOR = "Christopher Jermaine and Abhijit Pol and Subramanian Arumugam",
	TITLE = {{Online Maintenance of Very Large Random Samples}},
	BOOKTITLE = Proc#" "#SIGMOD,
	YEAR = 2004
}

@INPROCEEDINGS{BCD03,
	AUTHOR = "Brian Babcock and Surajit Chaudhuri and Gautam Das",
	TITLE = {{Dynamic Sample Selection for Approximate Query Processing}},
	BOOKTITLE = Proc#" "#SIGMOD,
	YEAR = 2003
}

@INPROCEEDINGS{AGP00,
	AUTHOR = "Swarup Acharya and Phillip B. Gibbons and Viswanath Poosala",
	TITLE = {{Congressional Samples for Approximate Answering of Group-By Queries}},
	BOOKTITLE = Proc#" "#SIGMOD,
	YEAR = 2000
}

@INPROCEEDINGS{HHW97,
	AUTHOR = "Joseph M. Hellerstein and Peter J. Haas and Helen J. Wang",
	TITLE = {{Online Aggregation}},
	BOOKTITLE = Proc#" "#SIGMOD,
	YEAR = 1997
}

@INPROCEEDINGS{SKB11,
	AUTHOR = "Lefteris Sidirourgos and Martin Kersten and Peter Boncz",
	TITLE = {{SciBORQ: Scientific data management with Bounds On Runtime and Quality}},
	BOOKTITLE = Proc#" 5th "#CIDR,
	YEAR = 2011
}

@BOOK{Coc77,
	AUTHOR = "William G. Cochran",
	TITLE = {{Sampling Techniques, 3rd Edition}},
	PUBLISHER = {{John Wiley \& Sons}},
	YEAR = "1977"
}

@INPROCEEDINGS{CDD+01,
	AUTHOR = "Surajit Chaudhuri and Gautam Das and Mayur Datar and Rajeev Motwani and Vivek Narasayya",
	TITLE = {{Overcoming Limitations of Sampling for Aggregation Queries}},
	BOOKTITLE = Proc#" 17th "#ICDE,
	YEAR = 2001
}

@INPROCEEDINGS{CDN01,
	AUTHOR = "Surajit Chaudhuri and Gautam Das and Vivek Narasayya",
	TITLE = {{A Robust, Optimization-Based Approach for Approximate Answering of Aggregate Queries}},
	BOOKTITLE = Proc#" "#SIGMOD,
	YEAR = 2001
}

@ARTICLE{AA+09,
	AUTHOR = "{K. Abazajian et al.}",
	TITLE = {{The Seventh Data Release of the Sloan Digital Sky Survey}},
	JOURNAL = "The Astrophysical Journal Supplement Series",
	VOLUME = {182},
	YEAR = 2009
}

@ARTICLE{KIM+11,
	AUTHOR = "Martin L. Kersten and Stratos Idreos and Stefan Manegold and Erietta Liarou",
	TITLE = {{The Researcher's Guide to the Data Deluge: Querying a Scientific Database in Just a Few Seconds}},
	JOURNAL = "PVLDB",
	VOLUME = {4},
	NUMBER = 12,
	YEAR = 2011
}

@INPROCEEDINGS{DG04,
	AUTHOR = "Jeffrey Dean and Sanjay Ghemawat",
	TITLE = {{MapReduce: Simplified Data Processing on Large Clusters}},
	BOOKTITLE = Proc#" 6th "#OSDI,
	YEAR = 2004
}

@INPROCEEDINGS{ABA+09,
	AUTHOR = "Azza Abouzeid and Kamil Bajda-Pawlikowski and Daniel J. Abadi and Avi Silberschatz and Alex Rasin",
	TITLE = {{HadoopDB: An Architectural Hybrid of MapReduce and DBMS Technologies for Analytical Workloads}},
	BOOKTITLE = Proc#" 35th "#VLDB,
	YEAR = 2009
}

@INPROCEEDINGS{BKS+90,
 AUTHOR = "Norberat Beckmann and Hans Peter Kriegel and Ralf Schneider and Bernhard Seeger",
 TITLE = {{The R*-tree: an efficient and robust access method for points and rectangles}},
 BOOKTITLE = Proc#" "#SIGMOD,
 YEAR = 1990
}

@INPROCEEDINGS{HNP95,
	AUTHOR = "Joseph Hellerstein and Jeffrey Naughton and Avi Pfeffer",
	TITLE = {{Generalized Search Trees for Database Systems}},
	BOOKTITLE = Proc#" 21th "#VLDB,
	YEAR = 1995
}

@INPROCEEDINGS{OQ97,
 AUTHOR = "Patrick O'Neil and Dallan Quass",
 TITLE = {{Improved Query Performance with Variant Indexes}},
 BOOKTITLE = Proc#" "#SIGMOD,
 YEAR = 1997
}

@INPROCEEDINGS{BZN05,
 AUTHOR = "Peter Boncz and Marcin Zukowski and Niels Nes",
 TITLE = {{MonetDB/X100: Hyper-Pipelining Query Execution}},
 BOOKTITLE = CIDR,
 YEAR = 2005
}
%BOOKTITLE = Proc#" 2nd "#CIDR,

@INPROCEEDINGS{M98,
  AUTHOR = "Guido Moerkotte",
  TITLE = {{Small Materialized Aggregates: A Light Weight Index Structure for Data Warehousing}},
  BOOKTITLE = PROC#" 24rd "#VLDB,
  YEAR = 1998
}

@INPROCEEDINGS{WLO+85,
 AUTHOR = "Harry Wong and Hsiu{-}fen Liu and Frank Olken and Doron Rotem and Linda Wong",
 TITLE = {{Bit Transposed Files}},
 BOOKTITLE = Proc#" 11th "#VLDB,
 YEAR = 1985
}

@MISC{cnet,
	AUTHOR = "Jennifer L. Beckham",
	KEY = CNet,
	TITLE = {{The CNET E-Commerce Data Set}},
	YEAR = 2005
}

@INPROCEEDINGS{WOS02,
 AUTHOR = "Kesheng Wu and Ekow J. Otoo and Arie Shoshani",
 TITLE = {{Compressing Bitmap Indexes for Faster Search Operations}},
 BOOKTITLE = Proc#" 14th "#SSDBM,
 YEAR = 2002
}

@INPROCEEDINGS{ON87,
 AUTHOR = "Patrick O'Neil",
 TITLE = {{Model 204 Architecture and Performance}},
 BOOKTITLE = Proc#" 2nd "#HPTS,
 YEAR = 1987
}

@INPROCEEDINGS{CI99,
 AUTHOR = "Chee{-}Yong Chan and Yannis Ioannidis",
 TITLE = {{An efficient bitmap encoding scheme for selection queries}},
 BOOKTITLE = SIGMOD,
 YEAR = 1999
}

@ARTICLE{SW07,
 AUTHOR = "Rishi Rakesh Sinha and Marianne Winslett",
 TITLE = {{Multi-resolution bitmap indexes for scientific data}},
 JOURNAL = {ACM Trans. Database Syst.},
 VOLUME = 32,
 NUMBER = 3,
 YEAR = 2007
}

@ARTICLE{WOS06,
 AUTHOR = "Kesheng Wu and Ekow J. Otoo and Arie Shoshani",
 TITLE = {{Optimizing bitmap indices with efficient compression}},
 JOURNAL = {ACM Trans. Database Syst.},
 VOLUME = 31,
 NUMBER = 1,
 YEAR = 2006
}

@INPROCEEDINGS{Kou00,
 AUTHOR = "Nick Koudas",
 TITLE = {{Space efficient bitmap indexing}},
 BOOKTITLE = Proc#" 9th "#CIKM,
 YEAR = 2000
}

@INPROCEEDINGS{WOS04,
 AUTHOR = "Kesheng Wu and Ekow J. Otoo and Arie Shoshani",
 TITLE = {{On the performance of bitmap indices for high cardinality attributes}},
 BOOKTITLE = Proc#" 30th "#VLDB,
 YEAR = 2004
}

@article{WOS08,
 author = "Kesheng Wu and Arie Shoshani and Kurt Stockinger",
 title = {{Analyses of multi-level and multi-component compressed bitmap indexes}},
 journal = {ACM Trans. Database Syst.},
 volume = 35,
 number = 1,
 year = 2008
}

@INPROCEEDINGS{GS09,
 AUTHOR = "Navneet Goyal and Yashvardhan Sharma",
 TITLE = {{New binning strategy for bitmap indices on high cardinality attributes}},
 BOOKTITLE = {Proc. of the 2nd Bangalore Annual Compute Conference},
 year = 2009
}

@ARTICLE{OG95,
 author = "Patrick O'Neil and Goetz Graefe",
 title = {{Multi-table joins through bitmapped join indices}},
 journal = {SIGMOD Rec.},
 volume = 24,
 number = 3,
 year = 1995
}
@article{Graefe:1993,
	author = {Graefe, Goetz},
	title = {Query Evaluation Techniques for Large Databases},
	journal = {ACM Comput. Surv.},
	issue_date = {June 1993},
	volume = {25},
	number = {2},
	month = jun,
	year = {1993},
	issn = {0360-0300},
	pages = {73--169},
	numpages = {97},
	url = {http://doi.acm.org/10.1145/152610.152611},
	doi = {10.1145/152610.152611},
	acmid = {152611},
	publisher = {ACM},
	address = {New York, NY, USA},
	keywords = {complex query evaluation plans, dynamic query evaluation plans, extensible database systems, iterators, object-oriented database systems, operator model of parallelization, parallel algorithms, relational database systems, set-matching algorithms, sort-hash duality},
} 

@INPROCEEDINGS{GWB09,
 AUTHOR = "Luke Gosink and Kesheng Wu and E. Bethel and John D. Owens and Kenneth I. Joy",
 TITLE = {{Data Parallel Bin-Based Indexing for Answering Queries on Multi-core Architectures}},
 BOOKTITLE = Proc#" "#SSDBM,
 YEAR = 2009
}

@inproceedings{WMC10,
 author = "Kesheng Wu and Kamesh Madduri and Shane Canon",
 title = {{Multi-level bitmap indexes for flash memory storage}},
 booktitle = Proc#" 14th IDEAS",
 year = 2010
}

@INPROCEEDINGS{AMD+07,
	AUTHOR = "Daniel J. Abadi and Daniel S. Myers and David J. DeWitt and Samuel R. Madden",
	TITLE = {{Materialization Strategies in a Column-Oriented DBMS}},
	BOOKTITLE = Proc#" 23rd "#ICDE,
	YEAR = 2007
}

@INPROCEEDINGS{HZN+10,
	AUTHOR = "Sandor Heman and Marcin Zukowski and Niels Nes and Lefteris Sidirourgos and Peter Boncz",
	TITLE = {{Positional Update Handling in Column Stores}},
	BOOKTITLE = Proc#" "#SIGMOD,
	YEAR = 2010
}

@INPROCEEDINGS{CGF07,
	AUTHOR = "Guadalupe Canahuate and Michael Gibas and Hakan Ferhatosmanoglu",
	TITLE = {{Update Conscious Bitmap Indices}},
	BOOKTITLE = " 19th "#SSDBM,
	YEAR = 2007
}

@article{B70,
	AUTHOR = "Burton H. Bloom",
	TITLE = {{Space/Time Trade-offs in Hash Coding with Allowable Errors}},
	JOURNAL = "Communications of the ACM",
	VOLUME = {13},
	NUMBER = {7},
	YEAR = 1970
}

@book{M13,
	AUTHOR = "Adam Mendoza",
	TITLE = {{Cold Storage in the Cloud: Trends, Challenges, and Solutions}},
	PUBLISHER = "White Paper, Intel Corporation",
	YEAR = 2013
}

@INPROCEEDINGS{LL13,
AUTHOR = "Justin Levandoski and Paul Larson",
TITLE = {{Identifying Hot and Cold Data in Main-Memory Databases}},
BOOKTITLE = Proc#" 29th "#ICDE,
YEAR = 2013
}

@INPROCEEDINGS{Lin16,
 AUTHOR={Ma, Lin and Arulraj, Joy and Zhao, Sam and Pavlo, Andrew and Dulloor, Subramanya R. and Giardino, Michael J. and Parkhurst, Jeff and Gardner, Jason L. and Doshi, Kshitij and Zdonik, Stanley},
 TITLE = {{Larger-than-memory Data Management on Modern Storage Hardware for In-memory OLTP Database Systems}},
 BOOKTITLE = Proc#" 12th "#DAMON,
 YEAR = 2016
}

@ARTICLE{DP13,
 AUTHOR = {DeBrabant, Justin and Pavlo, Andrew and Tu, Stephen and Stonebraker, Michael and Zdonik, Stan},
 TITLE = {{Anti-caching: A New Approach to Database Management System Architecture}},
 JOURNAL = {Proc. VLDB Endow.},
 ISSUE_DATE = {September 2013},
 VOLUME = {6},
 NUMBER = {14},
 MONTH = sep,
 YEAR = {2013},
 pages = {1942--1953}
}

@INPROCEEDINGS{Agarwal+13,
 AUTHOR = {Agarwal, Sameer and Mozafari, Barzan and Panda, Aurojit and Milner, Henry and Madden, Samuel and Stoica, Ion},
 TITLE = {{BlinkDB: Queries with Bounded Errors and Bounded Response Times on Very Large Data}},
 BOOKTITLE = {Proceedings of the 8th ACM European Conference on Computer Systems},
 year = 2013
}
@inproceedings{DBLP:conf/f-egc/DiaKB16,
  author    = {Amadou Fall Dia and Zakia Kazi-Aoul and Aliou Boly},
  title     = {Extension de {C-SPARQL} pour l'{\'{e}}chantillonnage de flux de graphes
               {RDF}},
  booktitle = {16{\`{e}}me Journ{\'{e}}es Francophones Extraction et Gestion des
               Connaissances, {EGC} 2016, 18-22 Janvier 2016, Reims, France},
  pages     = {159--170},
  year      = {2016},
  crossref  = {DBLP:conf/f-egc/2016},
  url       = {http://editions-rnti.fr/?inprocid=1002167},
  timestamp = {Fri, 22 Jan 2016 10:19:37 +0100},
  biburl    = {http://dblp.uni-trier.de/rec/bib/conf/f-egc/DiaKB16},
  bibsource = {dblp computer science bibliography, http://dblp.org}
}

@proceedings{DBLP:conf/f-egc/2016,
  editor    = {Cyril de Runz and
               Bruno Cr{\'{e}}milleux},
  title     = {16{\`{e}}me Journ{\'{e}}es Francophones Extraction et Gestion des
               Connaissances, {EGC} 2016, 18-22 Janvier 2016, Reims, France},
  series    = {{RNTI}},
  volume    = {{E-30}},
  publisher = {Hermann-{\'{E}}ditions},
  year      = {2016},
  url       = {http://editions-rnti.fr/?procid=100165},
  timestamp = {Fri, 22 Jan 2016 10:05:12 +0100},
  biburl    = {http://dblp.uni-trier.de/rec/bib/conf/f-egc/2016},
  bibsource = {dblp computer science bibliography, http://dblp.org}
}


@incollection{DBLP:books/kl/snodgrass95/Jensen95,
  author    = {Christian S. Jensen},
  title     = {Vacuuming},
  booktitle = {The {TSQL2} Temporal Query Language},
  pages     = {447--460},
  year      = {1995},
  timestamp = {Tue, 18 Sep 2012 08:51:15 +0200},
  biburl    = {http://dblp.uni-trier.de/rec/bib/books/kl/snodgrass95/Jensen95},
  bibsource = {dblp computer science bibliography, http://dblp.org}
}
@article{DBLP:journals/is/SkytJP08,
  author    = {Janne Skyt and
               Christian S. Jensen and
               Torben Bach Pedersen},
  title     = {Specification-based data reduction in dimensional data warehouses},
  journal   = {Inf. Syst.},
  volume    = {33},
  number    = {1},
  pages     = {36--63},
  year      = {2008},
  url       = {http://dx.doi.org/10.1016/j.is.2007.06.001},
  doi       = {10.1016/j.is.2007.06.001},
  timestamp = {Thu, 28 Feb 2008 15:22:13 +0100},
  biburl    = {http://dblp.uni-trier.de/rec/bib/journals/is/SkytJP08},
  bibsource = {dblp computer science bibliography, http://dblp.org}
}

@inproceedings{DBLP:conf/icmcs/BahrW15,
  author    = {Gisela Susanne Bahr and
               Stephen L. Wood},
  title     = {The big data between your ears: Human inspired heuristics for forgetting
               in databases},
  booktitle = {2015 {IEEE} International Conference on Multimedia {\&} Expo Workshops,
               {ICME} Workshops 2015, Turin, Italy, June 29 - July 3, 2015},
  pages     = {1--6},
  year      = {2015},
  crossref  = {DBLP:conf/icmcs/2015w},
  url       = {http://dx.doi.org/10.1109/ICMEW.2015.7169754},
  doi       = {10.1109/ICMEW.2015.7169754},
  timestamp = {Tue, 03 May 2016 13:50:38 +0200},
  biburl    = {http://dblp.dagstuhl.de/rec/bib/conf/icmcs/BahrW15},
  bibsource = {dblp computer science bibliography, http://dblp.org}
}
@proceedings{DBLP:conf/icmcs/2015w,
  title     = {2015 {IEEE} International Conference on Multimedia {\&} Expo Workshops,
               {ICME} Workshops 2015, Turin, Italy, June 29 - July 3, 2015},
  publisher = {{IEEE} Computer Society},
  year      = {2015},
  url       = {http://ieeexplore.ieee.org/xpl/mostRecentIssue.jsp?punumber=7162922},
  isbn      = {978-1-4799-7079-7},
  timestamp = {Tue, 03 May 2016 13:50:38 +0200},
  biburl    = {http://dblp.dagstuhl.de/rec/bib/conf/icmcs/2015w},
  bibsource = {dblp computer science bibliography, http://dblp.org}
}

@article{DBLP:journals/tsmc/FreedmanA11,
  author    = {Sanford T. Freedman and
               Julie A. Adams},
  title     = {Filtering Data Based on Human-Inspired Forgetting},
  journal   = {{IEEE} Trans. Systems, Man, and Cybernetics, Part {B}},
  volume    = {41},
  number    = {6},
  pages     = {1544--1555},
  year      = {2011},
  url       = {http://dx.doi.org/10.1109/TSMCB.2011.2157142},
  doi       = {10.1109/TSMCB.2011.2157142},
  timestamp = {Wed, 09 Mar 2016 12:58:31 +0100},
  biburl    = {http://dblp.dagstuhl.de/rec/bib/journals/tsmc/FreedmanA11},
  bibsource = {dblp computer science bibliography, http://dblp.org}
}

@inproceedings{DBLP:conf/cidr/MuhleisenKM15,
  author    = {Hannes M{\"{u}}hleisen and
               Martin L. Kersten and
               Stefan Manegold},
  title     = {Capturing the Laws of (Data) Nature},
  booktitle = {{CIDR} 2015, Seventh Biennial Conference on Innovative Data Systems
               Research, Asilomar, CA, USA, January 4-7, 2015, Online Proceedings},
  year      = {2015},
  crossref  = {DBLP:conf/cidr/2015},
  url       = {http://www.cidrdb.org/cidr2015/Papers/CIDR15_Paper6.pdf},
  timestamp = {Mon, 23 Mar 2015 09:07:18 +0100},
  biburl    = {http://dblp.dagstuhl.de/rec/bib/conf/cidr/MuhleisenKM15},
  bibsource = {dblp computer science bibliography, http://dblp.org}
}
@proceedings{DBLP:conf/cidr/2015,
  title     = {{CIDR} 2015, Seventh Biennial Conference on Innovative Data Systems
               Research, Asilomar, CA, USA, January 4-7, 2015, Online Proceedings},
  publisher = {www.cidrdb.org},
  year      = {2015},
  timestamp = {Mon, 23 Mar 2015 08:57:30 +0100},
  biburl    = {http://dblp.dagstuhl.de/rec/bib/conf/cidr/2015},
  bibsource = {dblp computer science bibliography, http://dblp.org}
}

@MISC{snapchat,
	KEY = "Snapchat",
	TITLE = {{Snapchat}},
	HOWPUBLISHED = "https://www.snapchat.com/"
}

@inproceedings{DBLP:conf/primelife/Korenhof13,
  author    = {Paulan Korenhof},
  title     = {Forgetting Bits and Pieces - An Exploration of the "Right to Be Forgotten"
               as Implementation of "Forgetting" in Online Memory Processes},
  booktitle = {Privacy and Identity Management for Emerging Services and Technologies
               - 8th {IFIP} {WG} 9.2, 9.5, 9.6/11.7, 11.4, 11.6 International Summer
               School, Nijmegen, The Netherlands, June 17-21, 2013, Revised Selected
               Papers},
  pages     = {114--127},
  year      = {2013},
  crossref  = {DBLP:conf/primelife/2013},
  url       = {http://dx.doi.org/10.1007/978-3-642-55137-6_9},
  doi       = {10.1007/978-3-642-55137-6_9},
  timestamp = {Tue, 24 Jun 2014 13:54:44 +0200},
  biburl    = {http://dblp.dagstuhl.de/rec/bib/conf/primelife/Korenhof13},
  bibsource = {dblp computer science bibliography, http://dblp.org}
}

@proceedings{DBLP:conf/primelife/2013,
  editor    = {Marit Hansen and
               Jaap{-}Henk Hoepman and
               Ronald E. Leenes and
               Diane Whitehouse},
  title     = {Privacy and Identity Management for Emerging Services and Technologies
               - 8th {IFIP} {WG} 9.2, 9.5, 9.6/11.7, 11.4, 11.6 International Summer
               School, Nijmegen, The Netherlands, June 17-21, 2013, Revised Selected
               Papers},
  series    = {{IFIP} Advances in Information and Communication Technology},
  volume    = {421},
  publisher = {Springer},
  year      = {2014},
  url       = {http://dx.doi.org/10.1007/978-3-642-55137-6},
  doi       = {10.1007/978-3-642-55137-6},
  isbn      = {978-3-642-55136-9},
  timestamp = {Tue, 24 Jun 2014 13:49:58 +0200},
  biburl    = {http://dblp.dagstuhl.de/rec/bib/conf/primelife/2013},
  bibsource = {dblp computer science bibliography, http://dblp.org}
}
@inproceedings{DBLP:conf/vldb/MeyerBMVTSUR15,
  author    = {Carsten Meyer and
               Martin Boissier and
               Adrian Michaud and
               Jan Ole Vollmer and
               Ken Taylor and
               David Schwalb and
               Matthias Uflacker and
               Kurt Roedszus},
  title     = {Dynamic and Transparent Data Tiering for In-Memory Databases in Mixed
               Workload Environments},
  booktitle = {International Workshop on Accelerating Data Management Systems Using
               Modern Processor and Storage Architectures - {ADMS} 2015, Kohala Coast,
               Hawaii, USA, August 31, 2015.},
  pages     = {37--48},
  year      = {2015},
  crossref  = {DBLP:conf/vldb/2015adms},
  url       = {http://www.adms-conf.org/2015/adms15_meyer.pdf},
  timestamp = {Sat, 06 Aug 2016 15:34:26 +0200},
  biburl    = {http://dblp.dagstuhl.de/rec/bib/conf/vldb/MeyerBMVTSUR15},
  bibsource = {dblp computer science bibliography, http://dblp.org}
}
@proceedings{DBLP:conf/vldb/2015adms,
  editor    = {Rajesh Bordawekar and
               Tirthankar Lahiri and
               Bugra Gedik and
               Christian A. Lang},
  title     = {International Workshop on Accelerating Data Management Systems Using
               Modern Processor and Storage Architectures - {ADMS} 2015, Kohala Coast,
               Hawaii, USA, August 31, 2015},
  year      = {2015},
  url       = {http://www.adms-conf.org/adms_2015.html},
  timestamp = {Tue, 10 Nov 2015 20:16:22 +0100},
  biburl    = {http://dblp.dagstuhl.de/rec/bib/conf/vldb/2015adms},
  bibsource = {dblp computer science bibliography, http://dblp.org}
}
@article{Bisbal2005819,
title = "A formal framework for database sampling ",
journal = "Information and Software Technology ",
volume = "47",
number = "12",
pages = "819 - 828",
year = "2005",
note = "",
issn = "0950-5849",
doi = "http://dx.doi.org/10.1016/j.infsof.2005.02.003",
url = "http://www.sciencedirect.com/science/article/pii/S0950584905000261",
author = "Jesús Bisbal and Jane Grimson and David Bell",
keywords = "Data cleaning",
keywords = "Database sampling",
keywords = "Integrity constraints",
keywords = "Legacy systems",
keywords = "Denotational semantics",
keywords = "Undecidability ",
}
@article{DBLP:journals/debu/IdreosGNMMK12,
  author    = {Stratos Idreos and
               Fabian Groffen and
               Niels Nes and
               Stefan Manegold and
               K. Sjoerd Mullender and
               Martin L. Kersten},
  title     = {MonetDB: Two Decades of Research in Column-oriented Database Architectures},
  journal   = {{IEEE} Data Eng. Bull.},
  volume    = {35},
  number    = {1},
  pages     = {40--45},
  year      = {2012},
  url       = {http://sites.computer.org/debull/A12mar/monetdb.pdf},
  timestamp = {Tue, 17 Apr 2012 13:08:58 +0200},
  biburl    = {http://dblp.dagstuhl.de/rec/bib/journals/debu/IdreosGNMMK12},
  bibsource = {dblp computer science bibliography, http://dblp.org}
}
@article{DBLP:journals/pvldb/Haritsa10,
  author    = {Jayant R. Haritsa},
  title     = {The Picasso Database Query Optimizer Visualizer},
  journal   = {{PVLDB}},
  volume    = {3},
  number    = {2},
  pages     = {1517--1520},
  year      = {2010},
  url       = {http://www.comp.nus.edu.sg/~vldb2010/proceedings/files/papers/D01.pdf},
  timestamp = {Thu, 23 Sep 2010 15:39:20 +0200},
  biburl    = {http://dblp.org/rec/bib/journals/pvldb/Haritsa10},
  bibsource = {dblp computer science bibliography, http://dblp.org}
}
@inproceedings{DBLP:conf/icde/Haritsa11,
  author    = {Jayant R. Haritsa},
  title     = {Query optimizer plan diagrams: Production, reduction and applications},
  booktitle = {Proceedings of the 27th International Conference on Data Engineering,
               {ICDE} 2011, April 11-16, 2011, Hannover, Germany},
  pages     = {1374--1377},
  year      = {2011},
  crossref  = {DBLP:conf/icde/2011},
  url       = {https://doi.org/10.1109/ICDE.2011.5767959},
  doi       = {10.1109/ICDE.2011.5767959},
  timestamp = {Wed, 17 May 2017 10:55:14 +0200},
  biburl    = {http://dblp.org/rec/bib/conf/icde/Haritsa11},
  bibsource = {dblp computer science bibliography, http://dblp.org}
}
@proceedings{DBLP:conf/icde/2011,
  editor    = {Serge Abiteboul and
               Klemens B{\"{o}}hm and
               Christoph Koch and
               Kian{-}Lee Tan},
  title     = {Proceedings of the 27th International Conference on Data Engineering,
               {ICDE} 2011, April 11-16, 2011, Hannover, Germany},
  publisher = {{IEEE} Computer Society},
  year      = {2011},
  url       = {http://ieeexplore.ieee.org/xpl/mostRecentIssue.jsp?punumber=5765035},
  isbn      = {978-1-4244-8958-9},
  timestamp = {Mon, 25 Apr 2016 16:57:48 +0200},
  biburl    = {http://dblp.org/rec/bib/conf/icde/2011},
  bibsource = {dblp computer science bibliography, http://dblp.org}
}
@inproceedings{DBLP:conf/vldb/Slutz98,
	author    = {Donald R. Slutz},
	title     = {Massive Stochastic Testing of {SQL}},
	booktitle = {VLDB'98, Proceedings of 24rd International Conference on Very Large
	Data Bases, August 24-27, 1998, New York City, New York, {USA}},
	pages     = {618--622},
	year      = {1998},
	crossref  = {DBLP:conf/vldb/98},
	url       = {http://www.vldb.org/conf/1998/p618.pdf},
	timestamp = {Wed, 29 Mar 2017 16:45:23 +0200},
	biburl    = {http://dblp.org/rec/bib/conf/vldb/Slutz98},
	bibsource = {dblp computer science bibliography, http://dblp.org}
}
@proceedings{DBLP:conf/vldb/98,
	editor    = {Ashish Gupta and
	Oded Shmueli and
	Jennifer Widom},
	title     = {VLDB'98, Proceedings of 24rd International Conference on Very Large
	Data Bases, August 24-27, 1998, New York City, New York, {USA}},
	publisher = {Morgan Kaufmann},
	year      = {1998},
	isbn      = {1-55860-566-5},
	timestamp = {Wed, 29 Mar 2017 16:45:23 +0200},
	biburl    = {http://dblp.org/rec/bib/conf/vldb/98},
	bibsource = {dblp computer science bibliography, http://dblp.org}
}
@article{ZAMLI20111741,
	title = "Design and implementation of a t-way test data generation strategy with automated execution tool support",
	journal = "Information Sciences",
	volume = "181",
	number = "9",
	pages = "1741 - 1758",
	year = "2011",
	issn = "0020-0255",
	doi = "https://doi.org/10.1016/j.ins.2011.01.002",
	url = "http://www.sciencedirect.com/science/article/pii/S002002551100003X",
	author = "Kamal Z. Zamli and Mohammad F.J. Klaib and Mohammed I. Younis and Nor Ashidi Mat Isa and Rusli Abdullah",
	keywords = "GTWay, Software testing, t-way testing, Combinatorial testing"
}
@ARTICLE{McKeeman98differentialtesting,
	author = {William M. McKeeman},
	title = {Differential Testing for Software},
	journal = {DIGITAL TECHNICAL JOURNAL},
	year = {1998},
	volume = {10},
	number = {1},
	pages = {100--107}
}

@InProceedings{10.1007/11754008_2,
	author="L{\"a}mmel, Ralf
	and Schulte, Wolfram",
	editor="Uyar, M. {\"U}mit
	and Duale, Ali Y.
	and Fecko, Mariusz A.",
	title="Controllable Combinatorial Coverage in Grammar-Based Testing",
	booktitle="Testing of Communicating Systems",
	year="2006",
	publisher="Springer Berlin Heidelberg",
	address="Berlin, Heidelberg",
	pages="19--38",
	isbn="978-3-540-34185-7"
}

@InProceedings{10.1007/978-3-319-11245-9_19,
	author="H{\"a}rtel, Johannes
	and H{\"a}rtel, Lukas
	and L{\"a}mmel, Ralf",
	editor="Combemale, Beno{\^i}t
	and Pearce, David J.
	and Barais, Olivier
	and Vinju, Jurgen J.",
	title="Test-Data Generation for Xtext",
	booktitle="Software Language Engineering",
	year="2014",
	publisher="Springer International Publishing",
	address="Cham",
	pages="342--351",
	isbn="978-3-319-11245-9"
}

@article{cadar2013symbolic,
	title={Symbolic execution for software testing: three decades later},
	author={Cadar, Cristian and Sen, Koushik},
	journal={Communications of the ACM},
	volume={56},
	number={2},
	pages={82--90},
	year={2013},
	publisher={ACM}
}

@proceedings{DBLP:conf/tpctc/2016,
	editor    = {Raghunath Nambiar and
	Meikel Poess},
	title     = {Performance Evaluation and Benchmarking. Traditional - Big Data -
	Interest of Things - 8th {TPC} Technology Conference, {TPCTC} 2016,
	New Delhi, India, September 5-9, 2016, Revised Selected Papers},
	series    = {Lecture Notes in Computer Science},
	volume    = {10080},
	publisher = {Springer},
	year      = {2017},
	url       = {https://doi.org/10.1007/978-3-319-54334-5},
	doi       = {10.1007/978-3-319-54334-5},
	isbn      = {978-3-319-54333-8},
	timestamp = {Tue, 23 May 2017 01:12:14 +0200},
	biburl    = {http://dblp.org/rec/bib/conf/tpctc/2016},
	bibsource = {dblp computer science bibliography, http://dblp.org}
}
@proceedings{DBLP:conf/tpctc/2016,
	editor    = {Raghunath Nambiar and
	Meikel Poess},
	title     = {Performance Evaluation and Benchmarking. Traditional - Big Data -
	Interest of Things - 8th {TPC} Technology Conference, {TPCTC} 2016,
	New Delhi, India, September 5-9, 2016, Revised Selected Papers},
	series    = {Lecture Notes in Computer Science},
	volume    = {10080},
	publisher = {Springer},
	year      = {2017},
	url       = {https://doi.org/10.1007/978-3-319-54334-5},
	doi       = {10.1007/978-3-319-54334-5},
	isbn      = {978-3-319-54333-8},
	timestamp = {Tue, 23 May 2017 01:12:14 +0200},
	biburl    = {http://dblp.org/rec/bib/conf/tpctc/2016},
	bibsource = {dblp computer science bibliography, http://dblp.org}
}

@inproceedings{Erling:2015:LSN:2723372.2742786,
	author = {Erling, Orri and others},
	title = {The LDBC Social Network Benchmark: Interactive Workload},
	booktitle = {Proceedings of the 2015 ACM SIGMOD International Conference on Management of Data},
	series = {SIGMOD '15},
	year = {2015},
	isbn = {978-1-4503-2758-9},
	location = {Melbourne, Victoria, Australia},
	pages = {619--630},
	numpages = {12},
	url = {http://doi.acm.org/10.1145/2723372.2742786},
	doi = {10.1145/2723372.2742786},
	acmid = {2742786},
	publisher = {ACM},
	address = {New York, NY, USA},
	keywords = {benchmarking, graph databases, rdf databases}
} 

@inproceedings{Poess:2017:ATF:3127479.3128603,
	author = {Poess, Meikel and Rabl, Tilmann and Jacobsen, Hans-Arno},
	title = {Analysis of TPC-DS: The First Standard Benchmark for SQL-based Big Data Systems},
	booktitle = {Proceedings of the 2017 Symposium on Cloud Computing},
	series = {SoCC '17},
	year = {2017},
	isbn = {978-1-4503-5028-0},
	location = {Santa Clara, California},
	pages = {573--585},
	numpages = {13},
	url = {http://doi.acm.org/10.1145/3127479.3128603},
	doi = {10.1145/3127479.3128603},
	acmid = {3128603},
	publisher = {ACM},
	address = {New York, NY, USA},
	keywords = {TPC-DS, benchmark, big data}
}
 @InProceedings{10.1007/978-3-642-41707-8_2,
author="Guo, Hai-Feng
and Qiu, Zongyan",
editor="Yenig{\"u}n, H{\"u}sn{\"u}
and Yilmaz, Cemal
and Ulrich, Andreas",
title="Automatic Grammar-Based Test Generation",
booktitle="Testing Software and Systems",
year="2013",
publisher="Springer Berlin Heidelberg",
address="Berlin, Heidelberg",
pages="17--32",
isbn="978-3-642-41707-8"
}

@inproceedings{Binnig:2007:QGQ:1247480.1247520,
 author = {Binnig, Carsten and Kossmann, Donald and Lo, Eric and \"{O}zsu, M. Tamer},
 title = {{QAGen}: Generating Query-aware Test Databases},
 booktitle = {Proceedings of the 2007 ACM SIGMOD International Conference on Management of Data},
 series = {SIGMOD '07},
 year = {2007},
 isbn = {978-1-59593-686-8},
 location = {Beijing, China},
 pages = {341--352},
 numpages = {12},
 url = {http://doi.acm.org/10.1145/1247480.1247520},
 doi = {10.1145/1247480.1247520},
 acmid = {1247520},
 publisher = {ACM},
 address = {New York, NY, USA},
 keywords = {database, query processing, symbolic database, symbolic execution, symbolic query processing, testing},
}
